@article{
	fealPaper,
	author = "A. Shimizu and S. Miyaguchi",
	title  = "Fast Data Encipherment Algorithm FEAL",
	journal = "Advances in Crptology - Eurocrypt 87, Lecture Notes in Computer Science 304.",
	year = 1987
}

@article{
	attackePaper,
	author = "Sean Murphy",
	title = "The Cryptanalysis of FEAL-4 with twenty chosen plaintexts",
	journal = "Journal of Cryptology. 2",
	year = 1990,
	month = "Januar",
	volume = "Nr. 3"
}

@article{
	denBoer,
	author = "B. Den Boer",
	title = "Cryptoanalysis of FEAL",
	journal = "Advances in Cryptology – Eurocrypt 88, Lecture Notes in Computer Science, Vol. 330",
	year = 1989,
}